<record><leader>00000cas a22000007a 4500</leader><controlfield tag="001">21927207</controlfield><controlfield tag="008">900627d189219uumauwr ne      0    0eng d</controlfield><datafield ind1=" " ind2=" " tag="010"><subfield code="a">sn 89062377 </subfield></datafield><datafield ind1=" " ind2=" " tag="040"><subfield code="a">MGN</subfield><subfield code="b">eng</subfield><subfield code="c">MGN</subfield><subfield code="d">OCLCQ</subfield></datafield><datafield ind1=" " ind2=" " tag="042"><subfield code="a">msc</subfield></datafield><datafield ind1="0" ind2="4" tag="245"><subfield code="a">The Malden evening mail.</subfield></datafield><datafield ind1=" " ind2=" " tag="260"><subfield code="a">Malden, Mass. :</subfield><subfield code="b">Malden Mail Co.</subfield></datafield><datafield ind1=" " ind2=" " tag="300"><subfield code="a">v.</subfield></datafield><datafield ind1=" " ind2=" " tag="310"><subfield code="a">Weekly,</subfield><subfield code="b">&lt;Jan. 17, 1914-June 28, 1919&gt;</subfield></datafield><datafield ind1=" " ind2=" " tag="321"><subfield code="a">Daily (except Sun.),</subfield><subfield code="b">Apr. 5, 1892-&lt;Dec. 27, 1913&gt;</subfield></datafield><datafield ind1="0" ind2=" " tag="362"><subfield code="a">Vol. 11, no. 1 (Apr. 5, 1892)-</subfield></datafield><datafield ind1=" " ind2=" " tag="752"><subfield code="a">United States</subfield><subfield code="b">Massachusetts</subfield><subfield code="c">Middlesex</subfield><subfield code="d">Malden.</subfield></datafield><datafield ind1="0" ind2="0" tag="780"><subfield code="t">Evening mail (Malden, Mass.)</subfield><subfield code="w">(DLC)sn 89062376</subfield></datafield></record>